@inproceedings{inproceedings,
author = {Siedenburg, Kai and Kowalski, Matthieu and Doerfler, Monika},
year = {2014},
month = {05},
pages = {1577-1581},
title = {Audio declipping with social sparsity},
isbn = {978-1-4799-2893-4},
doi = {10.1109/ICASSP.2014.6853863}
}

@inproceedings{Matthieu,
author = {Kowalski  Matthieu},
year = {2014},
title = { Time-frequency frames and applications to audio analysis - Part 2: time-frequency coefficients modelling. CIRM. },
isbn = {CIRM},
doi = {10.24350/CIRM.V.18614903}
}

@phdthesis{gaultier:tel-02148598,
  TITLE = {{Design and evaluation of sparse models and algorithms for audio inverse problems}},
  AUTHOR = {Gaultier, Cl{\'e}ment},
  URL = {https://tel.archives-ouvertes.fr/tel-02148598},
  NUMBER = {2019REN1S009},
  SCHOOL = {{Universit{\'e} Rennes 1}},
  YEAR = {2019},
  MONTH = Jan,
  KEYWORDS = {Signal processing ; Sparsity ; Inverse problems ; Multichannel ; Audio restoration ; Restauration sonore ; Multicanal ; Traitement du signal ; Parcimonie ; Probl{\`e}mes inverses},
  TYPE = {Theses},
  PDF = {https://tel.archives-ouvertes.fr/tel-02148598/file/GAULTIER_Clement.pdf},
  HAL_ID = {tel-02148598},
  HAL_VERSION = {v1},
}
@INPROCEEDINGS{4959678,

  author={A. {Beck} and M. {Teboulle}},

  booktitle={2009 IEEE International Conference on Acoustics, Speech and Signal Processing}, 

  title={A fast Iterative Shrinkage-Thresholding Algorithm with application to wavelet-based image deblurring}, 

  year={2009},

  volume={},

  number={},

  pages={693-696},

  doi={10.1109/ICASSP.2009.4959678}}

@misc{záviška2020survey,
      title={A survey and an extensive evaluation of popular audio declipping methods}, 
      author={Pavel Záviška and Pavel Rajmic and Alexey Ozerov and Lucas Rencker},
      year={2020},
      eprint={2007.07663},
      archivePrefix={arXiv},
      primaryClass={eess.AS}
}

@INPROCEEDINGS{5946407,

  author={A. {Adler} and V. {Emiya} and M. G. {Jafari} and M. {Elad} and R. {Gribonval} and M. D. {Plumbley}},

  booktitle={2011 IEEE International Conference on Acoustics, Speech and Signal Processing (ICASSP)}, 

  title={A constrained matching pursuit approach to audio declipping}, 

  year={2011},

  volume={},

  number={},

  pages={329-332},

  doi={10.1109/ICASSP.2011.5946407}}

@article{DBLP:journals/corr/KiticBG15,
  author    = {Srdan Kitic and
               Nancy Bertin and
               R{\'{e}}mi Gribonval},
  title     = {Sparsity and cosparsity for audio declipping: a flexible non-convex
               approach},
  journal   = {CoRR},
  volume    = {abs/1506.01830},
  year      = {2015},
  url       = {http://arxiv.org/abs/1506.01830},
  archivePrefix = {arXiv},
  eprint    = {1506.01830},
  timestamp = {Mon, 13 Aug 2018 16:47:22 +0200},
  biburl    = {https://dblp.org/rec/journals/corr/KiticBG15.bib},
  bibsource = {dblp computer science bibliography, https://dblp.org}
}
@ARTICLE{6600777,

  author={B. {Defraene} and N. {Mansour} and S. {De Hertogh} and T. {van Waterschoot} and M. {Diehl} and M. {Moonen}},

  journal={IEEE Transactions on Audio, Speech, and Language Processing}, 

  title={Declipping of Audio Signals Using Perceptual Compressed Sensing}, 

  year={2013},

  volume={21},

  number={12},

  pages={2627-2637},

  doi={10.1109/TASL.2013.2281570}}


@ARTICLE{1164824,

  author={A. {Janssen} and R. {Veldhuis} and L. {Vries}},

  journal={IEEE Transactions on Acoustics, Speech, and Signal Processing}, 

  title={Adaptive interpolation of discrete-time signals that can be modeled as autoregressive processes}, 

  year={1986},

  volume={34},

  number={2},

  pages={317-330},

  doi={10.1109/TASSP.1986.1164824}}

@INPROCEEDINGS{7336948,

  author={Ç. {Bilen} and A. {Ozerov} and P. {Pérez}},

  booktitle={2015 IEEE Workshop on Applications of Signal Processing to Audio and Acoustics (WASPAA)}, 

  title={Audio declipping via nonnegative matrix factorization}, 

  year={2015},

  volume={},

  number={},

  pages={1-5},

  doi={10.1109/WASPAA.2015.7336948}}

@InProceedings{10.1007/978-3-319-93764-9_41,
author="Rencker, Lucas
and Bach, Francis
and Wang, Wenwu
and Plumbley, Mark D.",
editor="Deville, Yannick
and Gannot, Sharon
and Mason, Russell
and Plumbley, Mark D.
and Ward, Dominic",
title="Consistent Dictionary Learning for Signal Declipping",
booktitle="Latent Variable Analysis and Signal Separation",
year="2018",
publisher="Springer International Publishing",
address="Cham",
pages="446--455",
abstract="Clipping, or saturation, is a common nonlinear distortion in signal processing. Recently, declipping techniques have been proposed based on sparse decomposition of the clipped signals on a fixed dictionary, with additional constraints on the amplitude of the clipped samples. Here we propose a dictionary learning approach, where the dictionary is directly learned from the clipped measurements. We propose a soft-consistency metric that minimizes the distance to a convex feasibility set, and takes into account our knowledge about the clipping process. We then propose a gradient descent-based dictionary learning algorithm that minimizes the proposed metric, and is thus consistent with the clipping measurement. Experiments show that the proposed algorithm outperforms other dictionary learning algorithms applied to clipped signals. We also show that learning the dictionary directly from the clipped signals outperforms consistent sparse coding with a fixed dictionary.",
isbn="978-3-319-93764-9"
}

@article{Zaviska_2019,
   title={Psychoacoustically Motivated Audio Declipping Based on Weighted l1 Minimization},
   ISBN={9781728118642},
   url={http://dx.doi.org/10.1109/TSP.2019.8769109},
   DOI={10.1109/tsp.2019.8769109},
   journal={2019 42nd International Conference on Telecommunications and Signal Processing (TSP)},
   publisher={IEEE},
   author={Zaviska, Pavel and Rajmic, Pavel and Schimmel, Jiri},
   year={2019},
   month={Jul}
}

@INPROCEEDINGS{8682348,

  author={P. {Záviška} and P. {Rajmic} and O. {Mokrý} and Z. {Průša}},

  booktitle={ICASSP 2019 - 2019 IEEE International Conference on Acoustics, Speech and Signal Processing (ICASSP)}, 

  title={A Proper Version of Synthesis-based Sparse Audio Declipper}, 

  year={2019},

  volume={},

  number={},

  pages={591-595},

  doi={10.1109/ICASSP.2019.8682348}}

@article{articlve,
author = {Rajmic, Pavel and Záviška, Pavel and Veselý, Vítězslav and Mokrý, Ondřej},
year = {2019},
month = {09},
pages = {105},
title = {A New Generalized Projection and Its Application to Acceleration of Audio Declipping},
volume = {8},
journal = {Axioms},
doi = {10.3390/axioms8030105}
}


@article{DBLP:journals/corr/abs-1110-5063,
  author    = {Alejandro J. Weinstein and
               Michael B. Wakin},
  title     = {Recovering a Clipped Signal in Sparseland},
  journal   = {CoRR},
  volume    = {abs/1110.5063},
  year      = {2011},
  url       = {http://arxiv.org/abs/1110.5063},
  archivePrefix = {arXiv},
  eprint    = {1110.5063},
  timestamp = {Mon, 13 Aug 2018 16:47:47 +0200},
  biburl    = {https://dblp.org/rec/journals/corr/abs-1110-5063.bib},
  bibsource = {dblp computer science bibliography, https://dblp.org}
}

